<record><leader>00000cas a22000007a 4500</leader><controlfield tag="001">15467202</controlfield><controlfield tag="008">870331d19071915inuwr ne      0    0eng d</controlfield><datafield ind1=" " ind2=" " tag="010"><subfield code="a">sn 87055825 </subfield></datafield><datafield ind1=" " ind2=" " tag="040"><subfield code="a">NPI</subfield><subfield code="b">eng</subfield><subfield code="c">NPI</subfield><subfield code="d">OCLCQ</subfield></datafield><datafield ind1=" " ind2=" " tag="042"><subfield code="a">msc</subfield></datafield><datafield ind1="0" ind2=" " tag="130"><subfield code="a">Syracuse journal (Syracuse, Ind. : 1907)</subfield></datafield><datafield ind1="1" ind2="4" tag="245"><subfield code="a">The Syracuse journal.</subfield></datafield><datafield ind1=" " ind2=" " tag="260"><subfield code="a">Syracuse, Ind. :</subfield><subfield code="b">Walker &amp; Fancil,</subfield><subfield code="c">-1915.</subfield></datafield><datafield ind1=" " ind2=" " tag="310"><subfield code="a">Weekly</subfield></datafield><datafield ind1="1" ind2=" " tag="362"><subfield code="a">Began in May 1907?</subfield></datafield><datafield ind1="0" ind2=" " tag="362"><subfield code="a">-v. 8, no. 4 (May 27, 1915).</subfield></datafield><datafield ind1=" " ind2=" " tag="588"><subfield code="a">Description based on: Vol. 1, no. 36 (Jan. 7, 1908).</subfield></datafield><datafield ind1=" " ind2=" " tag="752"><subfield code="a">United States</subfield><subfield code="b">Indiana</subfield><subfield code="c">Kosciusko</subfield><subfield code="d">Syracuse.</subfield></datafield><datafield ind1="0" ind2="0" tag="785"><subfield code="t">Syracuse and Lake Wawasee journal</subfield><subfield code="w">(DLC)sn 87055826</subfield></datafield></record>